<record xmlns="http://www.loc.gov/MARC21/slim" xmlns:xsi="http://www.w3.org/2001/XMLSchema-instance" xsi:schemaLocation="http://www.loc.gov/MARC21/slim http://www.loc.gov/standards/marcxml/schema/MARC21slim.xsd"><leader>02805nam a2200505   4500</leader><controlfield tag="001">3068048</controlfield><controlfield tag="003">NNC</controlfield><controlfield tag="006">m        d        </controlfield><controlfield tag="007">cr cn |||m|||a</controlfield><controlfield tag="008">150223r19631865iq      o     000 0 arard</controlfield><datafield ind1=" " ind2=" " tag="040"><subfield code="a">NNU</subfield><subfield code="b">eng</subfield><subfield code="e">rda</subfield><subfield code="c">NNU</subfield></datafield><datafield ind1=" " ind2=" " tag="043"><subfield code="a">a------</subfield><subfield code="a">f------</subfield></datafield><datafield ind1=" " ind2="4" tag="050"><subfield code="a">CS2970</subfield><subfield code="b">.I2 1865a</subfield></datafield><datafield ind1="1" ind2=" " tag="100"><subfield code="6">880-01</subfield><subfield code="a">Ibn al-Qaysara&#772;ni&#772;, Muh&#803;ammad ibn T&#803;a&#772;hir,</subfield><subfield code="d">1056-1113.</subfield></datafield><datafield ind1="1" ind2="0" tag="240"><subfield code="6">880-02</subfield><subfield code="a">Ansa&#772;b al-muttafiqah fi&#772; khat&#803; al-mutma&#772;thilah fi&#772; al-naqt&#803; wa al-d&#803;abt&#803;</subfield></datafield><datafield ind1="1" ind2="3" tag="245"><subfield code="6">880-03</subfield><subfield code="a">al-Ansa&#772;b al-muttafiqah /</subfield><subfield code="c">li-Abi&#772; al-Fad&#803;l Muh&#803;ammad ibn T&#803;a&#772;hir al-Ma&#699;ru&#772;f bi-Ibn al-Qaysara&#772;ni&#772;.</subfield></datafield><datafield ind1=" " ind2=" " tag="260"><subfield code="6">880-04</subfield><subfield code="a">[Baghda&#772;d] :</subfield><subfield code="b">[Maktabat al-Muthanna&#769;],</subfield><subfield code="c">[1963]</subfield></datafield><datafield ind1=" " ind2=" " tag="300"><subfield code="a">online resource (229, xix pages)</subfield></datafield><datafield ind1=" " ind2=" " tag="336"><subfield code="a">text</subfield><subfield code="2">rdacontent</subfield></datafield><datafield ind1=" " ind2=" " tag="337"><subfield code="a">computer</subfield><subfield code="2">rdamedia</subfield></datafield><datafield ind1=" " ind2=" " tag="338"><subfield code="a">online resource</subfield><subfield code="2">rdacarrier</subfield></datafield><datafield ind1=" " ind2=" " tag="500"><subfield code="a">Added title page: Homonyma inter nomina relativa.</subfield></datafield><datafield ind1=" " ind2=" " tag="500"><subfield code="a">Includes also the additions of Abu&#772; Mu&#772;sa&#769; Muh&#803;ammad ibn &#699;Umar al-Is&#803;baha&#772;ni&#772; to al-Ansa&#772;b al-Muttafiqah.</subfield></datafield><datafield ind1=" " ind2=" " tag="500"><subfield code="a">Photocopy of the 1865 Brill edition.</subfield></datafield><datafield ind1=" " ind2=" " tag="500"><subfield code="a">Part of the Arabic Collections Online (ACO) project, contributed by Columbia University Libraries.</subfield></datafield><datafield ind1=" " ind2=" " tag="533"><subfield code="a">Electronic reproduction.</subfield><subfield code="b">New York, N.Y. :</subfield><subfield code="c">New York University,</subfield><subfield code="d">2015.</subfield><subfield code="5">NNU</subfield></datafield><datafield ind1=" " ind2="0" tag="650"><subfield code="a">Names, Personal</subfield><subfield code="x">Arabic.</subfield></datafield><datafield ind1=" " ind2="0" tag="651"><subfield code="a">Islamic countries</subfield><subfield code="v">Genealogy.</subfield></datafield><datafield ind1=" " ind2="7" tag="650"><subfield code="a">Names, Personal</subfield><subfield code="x">Arabic.</subfield><subfield code="2">fast</subfield><subfield code="0">(OCoLC)fst01751766</subfield></datafield><datafield ind1=" " ind2="7" tag="651"><subfield code="a">Islamic countries.</subfield><subfield code="2">fast</subfield><subfield code="0">(OCoLC)fst01244130</subfield></datafield><datafield ind1=" " ind2="7" tag="655"><subfield code="a">Genealogy.</subfield><subfield code="2">fast</subfield><subfield code="0">(OCoLC)fst01423818</subfield></datafield><datafield ind1="1" ind2=" " tag="700"><subfield code="6">880-05</subfield><subfield code="a">Is&#803;baha&#772;ni&#772;, Abu&#772; Mu&#772;sa&#769; Muh&#803;ammad ibn &#699;Umar,</subfield><subfield code="d">1108-1185.</subfield></datafield><datafield ind1="1" ind2=" " tag="700"><subfield code="a">Jong, P. de</subfield><subfield code="q">(Pieter),</subfield><subfield code="d">1832-1890.</subfield></datafield><datafield ind1="2" ind2=" " tag="710"><subfield code="a">Columbia University.</subfield><subfield code="b">Libraries.</subfield></datafield><datafield ind1="0" ind2=" " tag="730"><subfield code="a">Arabic Collections Online.</subfield></datafield><datafield ind1="0" ind2="8" tag="776"><subfield code="i">Online version:</subfield><subfield code="a">Ibn al-Qaysara&#772;ni&#772;, Muh&#803;ammad ibn T&#803;a&#772;hir, 1056-1113.</subfield><subfield code="t">Ansa&#772;b al-muttafiqah.</subfield><subfield code="d">[Baghda&#772;d : Maktabat al-Muthanna&#769;, 1963]</subfield><subfield code="w">(OCoLC)844692752</subfield></datafield><datafield ind1="0" ind2="8" tag="776"><subfield code="i">Print version:</subfield><subfield code="a">Ibn al-Qaysara&#772;ni&#772;, Muh&#803;ammad ibn T&#803;a&#772;hir, 1056-1113.</subfield><subfield code="t">al-Ansa&#772;b al-muttafiqah</subfield><subfield code="w">(NNC)3068048</subfield><subfield code="w">(OCoLC)15623618</subfield></datafield><datafield ind1="4" ind2="0" tag="856"><subfield code="u">http://hdl.handle.net/2333.1/rn8pk2jv</subfield></datafield><datafield ind1="1" ind2=" " tag="880"><subfield code="6">100-01/r</subfield><subfield code="a">&#1575;&#1576;&#1606; &#1575;&#1604;&#1602;&#1610;&#1587;&#1585;&#1575;&#1606;&#1610;&#1548; &#1605;&#1581;&#1605;&#1583; &#1576;&#1606; &#1591;&#1575;&#1607;&#1585; ,</subfield><subfield code="d">1056-1113.</subfield></datafield><datafield ind1="1" ind2="0" tag="880"><subfield code="6">240-02/r</subfield><subfield code="a">&#1575;&#1606;&#1587;&#1575;&#1576; &#1575;&#1604;&#1605;&#1578;&#1601;&#1602;&#1577; &#1601;&#1610; &#1582;&#1591; &#1575;&#1604;&#1605;&#1578;&#1605;&#1575;&#1579;&#1604;&#1577; &#1601;&#1610; &#1575;&#1604;&#1606;&#1602;&#1591; &#1608; &#1575;&#1604;&#1590;&#1576;&#1591;</subfield></datafield><datafield ind1="1" ind2="2" tag="880"><subfield code="6">245-03/r</subfield><subfield code="a">&#1575;&#1604;&#1571;&#1606;&#1587;&#1575;&#1576; &#1575;&#1604;&#1605;&#1578;&#1601;&#1602;&#1577; /</subfield><subfield code="c">&#1604;&#1571;&#1576;&#1610; &#1575;&#1604;&#1601;&#1590;&#1604; &#1605;&#1581;&#1605;&#1583; &#1576;&#1606; &#1591;&#1575;&#1607;&#1585; &#1575;&#1604;&#1605;&#1593;&#1585;&#1608;&#1601; &#1576;&#1575;&#1576;&#1606; &#1575;&#1604;&#1602;&#1610;&#1587;&#1585;&#1575;&#1606;&#1610;.</subfield></datafield><datafield ind1=" " ind2=" " tag="880"><subfield code="6">260-04/r</subfield><subfield code="a">[&#1576;&#1594;&#1583;&#1575;&#1583;] :</subfield><subfield code="b">[&#1605;&#1603;&#1578;&#1576;&#1577; &#1575;&#1604;&#1605;&#1579;&#1606;&#1609;]&#1548;</subfield><subfield code="c">[1963]</subfield></datafield><datafield ind1="1" ind2=" " tag="880"><subfield code="6">700-05/r</subfield><subfield code="a">&#1573;&#1589;&#1576;&#1607;&#1575;&#1606;&#1610;&#1548; &#1571;&#1576;&#1608; &#1605;&#1608;&#1587;&#1609; &#1605;&#1581;&#1605;&#1583; &#1576;&#1606; &#1593;&#1605;&#1585;.</subfield></datafield><datafield ind1=" " ind2=" " tag="959"><subfield code="a">NNU</subfield><subfield code="b">WEB</subfield><subfield code="c">GENI</subfield><subfield code="t">0</subfield><subfield code="m">Electronic access</subfield><subfield code="s">01</subfield></datafield><datafield ind1=" " ind2=" " tag="999"><subfield code="i">NNC_3068048</subfield><subfield code="o">(OCoLC)15623618</subfield><subfield code="e">OK</subfield><subfield code="s">columbia_aco000073</subfield></datafield></record>